@inproceedings{Variadic,
	title = {From Variadic Functions to Variadic Relations},
	author = {William E. Byrd and Daniel P. Friedman},
	booktitle = {Proceedings of the 2006 Scheme and Functional Programming Workshop},
	year = 2006
}

@book{ReasonedSchemer,
	title= {The Reasoned Schemer},
	author = {Daniel P Friedman and William E. Byrd and Oleg Kiselyov},
	year = 2005,
	publisher = {{MIT Press}}
}

@book{SeasonedSchemer,
	title= {The Seasoned Schemer},
	author = {Daniel P Friedman and Matthias Felleisen},
	year = 1995,
	publisher = {{MIT Press}}
}

@book{LittleSchemer,
	title= {The Little Schemer},
	author = {Daniel P Friedman and Matthias Felleisen},
	year = 1995,
	publisher = {{MIT Press}}
}

@misc{Yoo,
	author={Danny Yoo},
	note = {\url{http://lists.racket-lang.org/users/archive/2006-December/015837.html}}
}
