@inproceedings{Variadic,
	title = {From Variadic Functions to Variadic Relations},
	author = {William E. Byrd and Daniel P. Friedman},
	booktitle = {Proceedings of the 2006 Scheme and Functional Programming Workshop},
	year = 2006
}

@book{ReasonedSchemer,
	title= {The Reasoned Schemer},
	author = {Daniel P. Friedman and William E. Byrd and Oleg Kiselyov},
	year = 2005,
	publisher = {{MIT Press}}
}

@book{SeasonedSchemer,
	title= {The Seasoned Schemer},
	author = {Daniel P. Friedman and Matthias Felleisen},
	year = 1995,
	publisher = {{MIT Press}}
}

@book{LittleSchemer,
	title= {The Little Schemer},
	author = {Daniel P. Friedman and Matthias Felleisen},
	year = 1995,
	publisher = {{MIT Press}}
}

@misc{Yoo,
	author={Danny Yoo},
	note = {\url{http://lists.racket-lang.org/users/archive/2006-December/015837.html}}
}

@inproceedings{trueskill,
	author = {Ralf Herbrich and Tom Minka and Thore Graepel},
	title = {{TrueSkill(TM): A Bayesian Skill Rating System}},
	booktitle = {{Advances in Neural Information Processing Systems 20}},
	year = 2007,
	month = {January}
}
	
@article{smallnumbers,
	author={Richard K. Guy},
	title={{The Strong Law of Small Numbers}},
	journal={{The American Mathematical Monthly}},
	volume=95, 
	pages={697-712}, 
	year=1988
}

}

@book{Li,
  author    = {Ming Li and
               Paul M. B. Vit{\'a}nyi},
  title     = {An introduction to {K}olmogorov complexity and its applications
               (2. ed.)},
  publisher = {Springer},
  series    = {Graduate texts in computer science},
  year      = {1997},
  isbn      = {978-0-387-94868-3},
  pages     = {I-XXI, 1-637},
  bibsource = {DBLP, http://dblp.uni-trier.de}
}

@article{chaitin,
	author = {Gregory J. Chaitin},
	title = {Randomness and Mathematical Proof},
	journal = {{Scientific American}},
	volume = 232,
	month = {May},
	year = 1975,
	pages = {47-52}
}
